@inproceedings{peck2015flyloop,
  title={FlyLoop: a micro framework for rapid development of physiological computing systems},
  author={Peck, Evan M and Easse, Eleanor and Marshall, Nick and Stratton, William and Perrone, L Felipe},
  booktitle={Proceedings of the 7th ACM SIGCHI Symposium on Engineering Interactive Computing Systems},
  pages={152--157},
  year={2015},
  organization={ACM}
}
